% This file was created with JabRef 2.7b.
% Encoding: UTF-8

@ARTICLE{burrows1994block,
  author = {Burrows, M. and Wheeler, D.J.},
  title = {A block-sorting lossless data compression algorithm},
  year = {1994},
  publisher = {Citeseer}
}

@ARTICLE{cox2012large,
  author = {Cox, A.J. and Bauer, M.J. and Jakobi, T. and Rosone, G.},
  title = {Large-scale compression of genomic sequence databases with the Burrows--Wheeler
	transform},
  journal = {Bioinformatics},
  year = {2012},
  volume = {28},
  pages = {1415--1419},
  number = {11},
  publisher = {Oxford Univ Press}
}

@ARTICLE{Drepper2007,
  author = {Ulrich Drepper},
  title = {What Every Programmer Should Know About Memory},
  year = {2007},
  note = {Letzter Zugriff: 4.11.2012 - 23:00},
  owner = {uli},
  timestamp = {2012.11.05},
  url = {http://www.akkadia.org/drepper/cpumemory.pdf}
}

@BOOK{Heun2003,
  title = {Grundlegende Algorithmen},
  publisher = {Vieweg-Verlag},
  year = {2003},
  author = {Heun, Volker},
  edition = {2},
  month = {May}
}

@MISC{Wik2012-1,
  title = {Burrowsâ€“Wheeler transform},
  note = {Letzter Abruf: 4.11.2012 - 23:00},
  owner = {uli},
  timestamp = {2012.11.04},
  url = {http://en.wikipedia.org/wiki/Burrows%E2%80%93Wheeler_transform}
}

@comment{jabref-meta: selector_publisher:}

@comment{jabref-meta: selector_author:}

@comment{jabref-meta: selector_journal:}

@comment{jabref-meta: selector_keywords:}

